@article{abdusön03,
    author    = "Atila Abdulkadiroğlu and Tayfun Sönmez",
    title     = "School Choice: A Mechanism Design Approach",
    journal   = "The American Economic Review",
    volume    = "93",
    number    = "3",
    pages     = "729-747",
    year      = "2003"
}

@article{abraham05,
    author    = "David J. Abraham and Katarína Cechlárobá and David F. Manlove and Kurt Mehlhorn",
    title     = "Pareto Optimality in House Allocation Problems",
    journal   = "Lecture Notes in Computer Science",
    volume    = "3341",
    pages     = "159-164",
    year      = "2005"
}

@article{dubins81,
    author    = "L. E. Dubins and D. A. Freedman",
    title     = "Machiavelli and the Gale-Shapley Algorithm",
    journal   = "The American Mathematical Monthly",
    volume    = "88",
    number    = "7",
    year      = "1981"
}

@article{ergin02,
    author    = "Haluk I. Ergin",
    title     = "Efficient Resource Allocation on the Basis of Priorities",
    journal   = "Econometrica",
    volume    = "70",
    number    = "6",
    pages     = "2489-2497",
    year      = "2002"
}

@article{galeshapley62,
    author    = "D. Gale and L. S. Shapley",
    title     = "College Admissions and the Stability of Marriage",
    journal   = "The American Mathematical Monthly",
    volume    = "69",
    number    = "1",
    year      = "1962"
}

@book{gusfield89,
    author    = "D. Gusfield and Robert W. Irving",
    title     = "The Stable Marriage Problem: Structure and Algorithms",
    publisher = "MIT Press",
    address   = "Cambridge, MA",
    year      = "1989"
}

@techreport{kojima10,
    author      = "Fuhito Kojima and M. Utku Ünver",
    title       = "The 'Boston' School Choice Mechanism",
    institution = "Boston College Department of Economics",
    type        = "working paper",
    year        = "2010"
}

@misc{OPH12,
    author    = "Opetushallitus",
    title     = "Aloituspaikat, hakijat, hyväksytyt ja paikan vastaanottaneet kevään 2011 ammatillisen ja lukiokoulutuksen yhteishaussa",
    month     = "3",
    year      = "2012",
    url       = "https://www.kouluta.fi/koulutadw/faces/app/startupDWReports.jspx?report_id=18"
}

@article{manlove02,
    author    = "David F. Manlove and Robert W. Irving and Kazuo Iwama and Shuichi Miyazaki and Yasufumi Morita",
    title     = "Hard variants of stable marriage",
    journal   = "Theoretical Computer Science",
    volume    = "276",
    pages     = "261-279",
    year      = "2002"
}

@article{manlove07,
    author    = "D. F. Manlove and G. O'Malley and P. Prosser and C. Unsworth",
    title     = "A constraint programming approach to the hospitals/residents problem",
    journal   = "Lecture Notes in Computer Science",
    volume    = "4510",
    pages     = "155-170",
    year      = "2007"
}

@article{pathak08,
    author    = "Parag A. Pathak and Tayfun Sönmez",
    title     = "Leveling the Playing Field: Sincere and Sophisticated Players in the Boston Mechanism",
    journal   = "The American Economic Review",
    volume    = "98",
    number    = "4",
    pages     = "1636-1652",
    year      = "2008"
}

@article{papai00,
    author    = "Szilvia Pápai",
    title     = "Strategy-Proof Assignment by Hierarchical Exchange",
    journal   = "Econometrica",
    volume    = "68",
    number    = "6",
    pages     = "1403-1433",
    year      = "2000"
}

@article{roth82,
    author    = "Alvin E. Roth",
    title     = "The Economics of Matching: Stability and Incentives",
    journal   = "Mathematics of Operations Research",
    volume    = "7",
    number    = "4",
    pages     = "617-628",
    year      = "1982"
}

@article{shapley74,
    author    = "Lloyd Shapley and Herbert Scarf",
    title     = "On Cores and Indivisibility",
    journal   = "Journal of Mathematical Economics",
    volume    = "1",
    number    = "1",
    pages     = "23-37",
    year      = "1974",
    note      = "(ei vapaasti saatavilla)"
}
